<?xml version="1.0" encoding="UTF-8"?><collection xmlns="http://www.loc.gov/MARC21/slim"><record><leader>00354nam--2200133-i-4500</leader><controlfield tag="001">000002153</controlfield><controlfield tag="002">20161230</controlfield><controlfield tag="005">20161230201024</controlfield><controlfield tag="008">060222s1000------------r-----000-0-eng-d</controlfield><datafield ind1=" " ind2=" " tag="100"><subfield code="a">Doucet, M.Y</subfield></datafield><datafield ind1=" " ind2=" " tag="245"><subfield code="a">Les aspects modernes de la cryometrie</subfield></datafield><datafield ind1=" " ind2=" " tag="260"><subfield code="a">Paris, Gauthier-villars, 1954. 133 P</subfield></datafield><datafield ind1=" " ind2=" " tag="490"><subfield code="a">Memorial Des Sciences Physiques</subfield></datafield><datafield ind1=" " ind2=" " tag="852"><subfield code="a">10380</subfield></datafield></record></collection>